
@inproceedings{giles_softwrap_2015,
	title = {Softwrap: {A} lightweight framework for transactional support of storage class memory},
	shorttitle = {Softwrap},
	booktitle = {2015 31st {Symposium} on {Mass} {Storage} {Systems} and {Technologies} ({MSST})},
	publisher = {IEEE},
	author = {Giles, Ellis R. and Doshi, Kshitij and Varman, Peter},
	year = {2015},
	pages = {1--14},
}
